
@book{cormen_introduction_2009,
	address = {Cambridge, MA},
	edition = {3rd},
	title = {Introduction to {Algorithms}},
	isbn = {978-0-262-03384-8 978-0-262-53305-8},
	publisher = {MIT Press},
	author = {Cormen, Thomas H. and Leiserson, Charles E. and Rivest, Ronald L. and Stein, Clifford},
	year = {2009},
	keywords = {Computer algorithms, Computer programming}
}

@book{graham_concrete_1994,
	address = {Reading, MA},
	edition = {2nd},
	title = {Concrete {Mathematics}: {A} {Foundation} for {Computer} {Science}},
	isbn = {978-0-201-55802-9},
	shorttitle = {Concrete {Mathematics}},
	publisher = {Addison-Wesley},
	author = {Graham, Ronald L. and Knuth, Donald E. and Patashnik, Oren},
	year = {1994},
	keywords = {Computer science, Mathematics}
}

@book{skiena_algorithm_2008,
	address = {London},
	edition = {2nd},
	title = {The {Algorithm} {Design} {Manual}},
	isbn = {978-1-84800-069-8 978-1-84800-070-4},
	url = {http://link.springer.com/10.1007/978-1-84800-070-4},
	language = {en},
	urldate = {2018-06-17},
	publisher = {Springer-Verlag London},
	author = {Skiena, Steven S.},
	year = {2008},
	doi = {10.1007/978-1-84800-070-4}
}

@book{knuth_fundamental_1997,
	address = {Reading, MA},
	edition = {3rd},
	series = {The {Art} of {Computer} {Programming}},
	title = {Fundamental {Algorithms}},
	volume = {1},
	isbn = {978-0-201-89683-1 978-0-201-89684-8 978-0-201-89685-5},
	publisher = {Addison-Wesley},
	author = {Knuth, Donald E.},
	year = {1997},
	keywords = {Computer algorithms, Computer programming}
}

@book{knuth_seminumerical_1997,
	address = {Reading, MA},
	edition = {3rd},
	series = {The {Art} of {Computer} {Programming}},
	title = {Seminumerical {Algorithms}},
	volume = {2},
	isbn = {978-0-201-89683-1 978-0-201-89684-8 978-0-201-89685-5},
	publisher = {Addison-Wesley},
	author = {Knuth, Donald E.},
	year = {1997},
	keywords = {Computer algorithms, Computer programming}
}

@book{knuth_sorting_1998,
	address = {Reading, MA},
	edition = {2nd},
	series = {The {Art} of {Computer} {Programming}},
	title = {Sorting and {Searching}},
	volume = {3},
	isbn = {978-0-201-89683-1 978-0-201-89684-8 978-0-201-89685-5},
	publisher = {Addison-Wesley},
	author = {Knuth, Donald E.},
	year = {1998},
	keywords = {Computer algorithms, Computer programming}
}

@book{knuth_combinatorial_2011,
	address = {Upper Saddle River, NJ},
	series = {The {Art} of {Computer} {Programming}},
	title = {Combinatorial {Algorithms}, {Part} 1},
	volume = {4A},
	isbn = {978-0-201-85392-6 978-0-321-53496-5 978-0-201-85393-3 978-0-201-85394-0 978-0-321-33570-8 978-0-201-03804-0},
	publisher = {Addison-Wesley},
	author = {Knuth, Donald E.},
	year = {2011},
	keywords = {Computer algorithms, Computer programming}
}

@book{sedgewick_algorithms_2011,
	address = {Upper Saddle River, NJ},
	edition = {4th},
	title = {Algorithms},
	isbn = {978-0-321-57351-3},
	publisher = {Addison-Wesley},
	author = {Sedgewick, Robert and Wayne, Kevin Daniel},
	year = {2011},
	keywords = {Computer algorithms, Textbooks}
}

@book{kleinberg_algorithm_2006,
	address = {Boston, MA},
	title = {Algorithm {Design}},
	isbn = {978-0-321-29535-4},
	publisher = {Pearson/Addison-Wesley},
	author = {Kleinberg, Jon and Tardos, Eva},
	year = {2006},
	keywords = {Computer algorithms, Data structures (Computer science)}
}